@article{eisenberg2008sum,
  title={Why is the sum of independent normal random variables normal?},
  author={Eisenberg, Bennett and Sullivan, Rosemary},
  journal={Mathematics Magazine},
  volume={81},
  number={5},
  pages={362--366},
  year={2008},
  publisher={JSTOR}
}

@inproceedings{jas2017learning,
  title={Learning the morphology of brain signals using alpha-stable convolutional sparse coding},
  author={Jas, Mainak and La Tour, Tom Dupr{\'e} and Simsekli, Umut and Gramfort, Alexandre},
  booktitle={Advances in Neural Information Processing Systems},
  pages={1099--1108},
  year={2017}
}

@inproceedings{hernandez2015probabilistic,
  title={Probabilistic backpropagation for scalable learning of {B}ayesian neural networks},
  author={Hern{\'a}ndez-Lobato, Jos{\'e} Miguel and Adams, Ryan},
  booktitle={International Conference on Machine Learning},
  pages={1861--1869},
  year={2015}
}

@inproceedings{soudry2014expectation,
  title={Expectation backpropagation: Parameter-free training of multilayer neural networks with continuous or discrete weights},
  author={Soudry, Daniel and Hubara, Itay and Meir, Ron},
  booktitle={Advances in Neural Information Processing Systems},
  pages={963--971},
  year={2014}
}

@article{mcdermott2017bayesian,
  title={Bayesian Recurrent Neural Network Models for Forecasting and Quantifying Uncertainty in Spatial-Temporal Data},
  author={McDermott, Patrick L and Wikle, Christopher K},
  journal={arXiv preprint arXiv:1711.00636},
  year={2017}
}

@phdthesis{neal2012bayesian,
  title={Bayesian learning for neural networks},
  author={Neal, Radford M},
  school={University of Toronto},
  year={1994}
}

@inproceedings{li2015stochastic,
  title={Stochastic expectation propagation},
  author={Li, Yingzhen and Hern{\'a}ndez-Lobato, Jos{\'e} Miguel and Turner, Richard E},
  booktitle={Advances in Neural Information Processing Systems},
  pages={2323--2331},
  year={2015}
}

@article{hoffman2013stochastic,
  title={Stochastic variational inference},
  author={Hoffman, Matthew D and Blei, David M and Wang, Chong and Paisley, John},
  journal={The Journal of Machine Learning Research},
  volume={14},
  number={1},
  pages={1303--1347},
  year={2013},
  publisher={JMLR.org}
}

@inproceedings{ranganath2015deep,
  title={Deep exponential families},
  author={Ranganath, Rajesh and Tang, Linpeng and Charlin, Laurent and Blei, David},
  booktitle={Artificial Intelligence and Statistics},
  pages={762--771},
  year={2015}
}

@article{mitchell1988bayesian,
  title={Bayesian variable selection in linear regression},
  author={Mitchell, Toby J and Beauchamp, John J},
  journal={Journal of the American Statistical Association},
  volume={83},
  number={404},
  pages={1023--1032},
  year={1988},
  publisher={Taylor \& Francis}
}

@inproceedings{gal2016dropout,
  title={Dropout as a {B}ayesian approximation: Representing model uncertainty in deep learning},
  author={Gal, Yarin and Ghahramani, Zoubin},
  booktitle={International Conference on Machine Learning},
  pages={1050--1059},
  year={2016}
}

@inproceedings{gregor2010learning,
  title={Learning fast approximations of sparse coding},
  author={Gregor, Karol and LeCun, Yann},
  booktitle={International Conference on Machine Learning},
  pages={399--406},
  year={2010}
}

@article{lecun1998gradient,
  title={Gradient-based learning applied to document recognition},
  author={LeCun, Yann and Bottou, L{\'e}on and Bengio, Yoshua and Haffner, Patrick},
  journal={Proceedings of the IEEE},
  volume={86},
  number={11},
  pages={2278--2324},
  year={1998},
  publisher={IEEE}
}

@inproceedings{he2017bayesian,
  title={From {B}ayesian Sparsity to Gated Recurrent Nets},
  author={He, Hao and Xin, Bo and Ikehata, Satoshi and Wipf, David},
  booktitle={Advances in Neural Information Processing Systems},
  pages={5560--5570},
  year={2017}
}

@inproceedings{xin2016maximal,
  title={Maximal sparsity with deep networks?},
  author={Xin, Bo and Wang, Yizhou and Gao, Wen and Wipf, David and Wang, Baoyuan},
  booktitle={Advances in Neural Information Processing Systems},
  pages={4340--4348},
  year={2016}
}

@article{daubechies2004iterative,
  title={An iterative thresholding algorithm for linear inverse problems with a sparsity constraint},
  author={Daubechies, Ingrid and Defrise, Michel and De Mol, Christine},
  journal={Communications on pure and applied mathematics},
  volume={57},
  number={11},
  pages={1413--1457},
  year={2004},
  publisher={Wiley Online Library}
}

@inproceedings{beck2009fast,
  title={A fast iterative shrinkage-thresholding algorithm with application to wavelet-based image deblurring},
  author={Beck, Amir and Teboulle, Marc},
  booktitle={IEEE International Conference on Acoustics, Speech and Signal Processing, 2009. ICASSP 2009.},
  pages={693--696},
  year={2009},
  organization={IEEE}
}

@article{candes2008introduction,
  title={An introduction to compressive sampling},
  author={Cand{\`e}s, Emmanuel J and Wakin, Michael B},
  journal={IEEE signal processing magazine},
  volume={25},
  number={2},
  pages={21--30},
  year={2008},
  publisher={IEEE}
}

@article{mairal2014sparse,
  title={Sparse modeling for image and vision processing},
  author={Mairal, Julien and Bach, Francis and Ponce, Jean and others},
  journal={Foundations and Trends in Computer Graphics and Vision},
  volume={8},
  number={2-3},
  pages={85--283},
  year={2014},
  publisher={Now Publishers, Inc.}
}

@article{baillet1997bayesian,
  title={A {B}ayesian approach to introducing anatomo-functional priors in the {EEG}/{MEG} inverse problem},
  author={Baillet, Sylvain and Garnero, Line},
  journal={IEEE transactions on Biomedical Engineering},
  volume={44},
  number={5},
  pages={374--385},
  year={1997},
  publisher={IEEE}
}

@inproceedings{mairal2009online,
  title={Online dictionary learning for sparse coding},
  author={Mairal, Julien and Bach, Francis and Ponce, Jean and Sapiro, Guillermo},
  booktitle={Proceedings of the 26th annual international conference on machine learning},
  pages={689--696},
  year={2009},
  organization={ACM}
}

@techreport{settles.tr09,
  Author = {Burr Settles},
  Institution = {University of Wisconsin--Madison},
  Number = {1648},
  Title = {Active Learning Literature Survey},
  Type = {Computer Sciences Technical Report},
  Year = {2009},
}

@article{borgerding2017amp,
  title={{AMP}-Inspired Deep Networks for Sparse Linear Inverse Problems},
  author={Borgerding, Mark and Schniter, Philip and Rangan, Sundeep},
  journal={IEEE Transactions on Signal Processing},
  volume={65},
  number={16},
  pages={4293--4308},
  year={2017},
  publisher={IEEE}
}

@phdthesis{minka2001thesis,
  title={A family of algorithms for approximate {B}ayesian inference},
  author={Minka, Thomas},
  school={MIT},
  year={2001}
}

@article{sprechmann2015learning,
  title={Learning efficient sparse and low rank models},
  author={Sprechmann, Pablo and Bronstein, Alexander M and Sapiro, Guillermo},
  journal={IEEE Transactions on pattern analysis and machine intelligence},
  volume={37},
  number={9},
  pages={1821--1833},
  year={2015},
  publisher={IEEE}
}

@inproceedings{wang2015deep,
  title={Deep networks for image super-resolution with sparse prior},
  author={Wang, Zhaowen and Liu, Ding and Yang, Jianchao and Han, Wei and Huang, Thomas},
  booktitle={Proceedings of the IEEE International Conference on Computer Vision},
  pages={370--378},
  year={2015}
}

@article{tibshirani1996regression,
  title={Regression shrinkage and selection via the lasso},
  author={Tibshirani, Robert},
  journal={Journal of the Royal Statistical Society. Series B (Methodological)},
  pages={267--288},
  year={1996},
  publisher={JSTOR}
}

@article{tipping2001sparse,
  title={Sparse {B}ayesian learning and the relevance vector machine},
  author={Tipping, Michael E},
  journal={Journal of machine learning research},
  volume={1},
  number={Jun},
  pages={211--244},
  year={2001}
}
