@inproceedings{hernandez2015probabilistic,
  title={Probabilistic backpropagation for scalable learning of bayesian neural networks},
  author={Hern{\'a}ndez-Lobato, Jos{\'e} Miguel and Adams, Ryan},
  booktitle={International Conference on Machine Learning},
  pages={1861--1869},
  year={2015}
}

@inproceedings{soudry2014expectation,
  title={Expectation backpropagation: Parameter-free training of multilayer neural networks with continuous or discrete weights},
  author={Soudry, Daniel and Hubara, Itay and Meir, Ron},
  booktitle={Advances in Neural Information Processing Systems},
  pages={963--971},
  year={2014}
}

@article{mcdermott2017bayesian,
  title={Bayesian Recurrent Neural Network Models for Forecasting and Quantifying Uncertainty in Spatial-Temporal Data},
  author={McDermott, Patrick L and Wikle, Christopher K},
  journal={arXiv preprint arXiv:1711.00636},
  year={2017}
}

@book{neal2012bayesian,
  title={Bayesian learning for neural networks},
  author={Neal, Radford M},
  volume={118},
  year={1996},
  publisher={Springer Science \& Business Media}
}

@inproceedings{li2015stochastic,
  title={Stochastic expectation propagation},
  author={Li, Yingzhen and Hern{\'a}ndez-Lobato, Jos{\'e} Miguel and Turner, Richard E},
  booktitle={Advances in Neural Information Processing Systems},
  pages={2323--2331},
  year={2015}
}

@article{hoffman2013stochastic,
  title={Stochastic variational inference},
  author={Hoffman, Matthew D and Blei, David M and Wang, Chong and Paisley, John},
  journal={The Journal of Machine Learning Research},
  volume={14},
  number={1},
  pages={1303--1347},
  year={2013},
  publisher={JMLR. org}
}

@inproceedings{ranganath2015deep,
  title={Deep exponential families},
  author={Ranganath, Rajesh and Tang, Linpeng and Charlin, Laurent and Blei, David},
  booktitle={Artificial Intelligence and Statistics},
  pages={762--771},
  year={2015}
}

@inproceedings{gal2016dropout,
  title={Dropout as a Bayesian approximation: Representing model uncertainty in deep learning},
  author={Gal, Yarin and Ghahramani, Zoubin},
  booktitle={international conference on machine learning},
  pages={1050--1059},
  year={2016}
}

@inproceedings{gregor2010learning,
  title={Learning fast approximations of sparse coding},
  author={Gregor, Karol and LeCun, Yann},
  booktitle={Proceedings of the 27th International Conference on International Conference on Machine Learning},
  pages={399--406},
  year={2010},
  organization={Omnipress}
}

@article{lecun2010mnist,
  title={MNIST handwritten digit database},
  author={LeCun, Yann and Cortes, Corinna and Burges, CJ},
  journal={AT\&T Labs [Online]. Available: http://yann. lecun. com/exdb/mnist},
  volume={2},
  year={2010}
}

@inproceedings{he2017bayesian,
  title={From Bayesian Sparsity to Gated Recurrent Nets},
  author={He, Hao and Xin, Bo and Ikehata, Satoshi and Wipf, David},
  booktitle={Advances in Neural Information Processing Systems},
  pages={5560--5570},
  year={2017}
}